<?xml version="1.0" encoding="UTF-8"?><collection xmlns="http://www.loc.gov/MARC21/slim"><record><leader>00569nam--2200205-u-4500</leader><controlfield tag="001">000053385</controlfield><controlfield tag="002">20161230</controlfield><controlfield tag="005">20161230201051</controlfield><controlfield tag="008">110323s1000------------r-----000-0-eng-d</controlfield><datafield ind1=" " ind2=" " tag="020"><subfield code="a">019850714</subfield></datafield><datafield ind1=" " ind2=" " tag="040"><subfield code="a">IFIN-HH</subfield></datafield><datafield ind1=" " ind2=" " tag="080"><subfield code="a">530.161:517.957</subfield></datafield><datafield ind1="1" ind2=" " tag="100"><subfield code="a">Pitaevckii, Lev</subfield></datafield><datafield ind1="1" ind2="0" tag="245"><subfield code="a">Bose-einstein condensation</subfield><subfield code="c">Lev pitaevskii; sandro stringari</subfield></datafield><datafield ind1=" " ind2=" " tag="260"><subfield code="a">Oxford</subfield><subfield code="b">Calderon Press</subfield><subfield code="c">2003</subfield></datafield><datafield ind1=" " ind2=" " tag="300"><subfield code="a">382P</subfield></datafield><datafield ind1=" " ind2=" " tag="490"><subfield code="a">International Series Of Monographs On Physics</subfield></datafield><datafield ind1="1" ind2=" " tag="700"><subfield code="a">Stringari, Sandro</subfield></datafield><datafield ind1=" " ind2=" " tag="852"><subfield code="a">81600</subfield><subfield code="c">530.1</subfield></datafield><datafield ind1=" " ind2=" " tag="CAT"><subfield code="a">Sys</subfield><subfield code="c">20110323</subfield><subfield code="h">133620</subfield></datafield></record></collection>